<record><leader>00000cas a2200000 a 4500</leader><controlfield tag="001">9247965</controlfield><controlfield tag="008">830223d18611863ctumx ne      0    0eng  </controlfield><datafield ind1=" " ind2=" " tag="010"><subfield code="a">sn 82016231 </subfield></datafield><datafield ind1=" " ind2=" " tag="040"><subfield code="a">DLC</subfield><subfield code="b">eng</subfield><subfield code="c">DLC</subfield><subfield code="d">CNW</subfield><subfield code="d">OCL</subfield><subfield code="d">DLC</subfield><subfield code="d">OCLCQ</subfield><subfield code="d">OCLCO</subfield><subfield code="d">OCLCF</subfield></datafield><datafield ind1="1" ind2=" " tag="029"><subfield code="a">AU@</subfield><subfield code="b">000020225541</subfield></datafield><datafield ind1=" " ind2=" " tag="042"><subfield code="a">pcc</subfield></datafield><datafield ind1=" " ind2=" " tag="043"><subfield code="a">n-us-ct</subfield></datafield><datafield ind1="0" ind2="0" tag="050"><subfield code="a">Newspaper</subfield></datafield><datafield ind1="0" ind2=" " tag="130"><subfield code="a">Clinton advertiser (Clinton, Conn.)</subfield></datafield><datafield ind1="1" ind2="4" tag="245"><subfield code="a">The Clinton advertiser.</subfield></datafield><datafield ind1="3" ind2="0" tag="246"><subfield code="a">Advertiser</subfield></datafield><datafield ind1=" " ind2=" " tag="260"><subfield code="a">Clinton, Conn. :</subfield><subfield code="b">Chas. E. Kelsey,</subfield><subfield code="c">1861-1863.</subfield></datafield><datafield ind1=" " ind2=" " tag="300"><subfield code="a">1 v.</subfield></datafield><datafield ind1=" " ind2=" " tag="310"><subfield code="a">Monthly</subfield></datafield><datafield ind1="0" ind2=" " tag="362"><subfield code="a">Vol. 1, no. 1 (Mar. 1861)-v. 1, 12 (Feb. 1863).</subfield></datafield><datafield ind1=" " ind2=" " tag="500"><subfield code="a">Special supplementary edition of excerpts from Mar. 1861-Feb. 1863 published July 1963 by Clinton recorder in honor of the Clinton Tercentenary Celebration.</subfield></datafield><datafield ind1=" " ind2=" " tag="515"><subfield code="a">Suspended: Aug., Sept., Oct. 1861; Jan., Mar.-June, Sept., Nov. 1862-Jan. 1863.</subfield></datafield><datafield ind1=" " ind2=" " tag="530"><subfield code="a">Available on microfilm from the Library of Congress, Photoduplication Service.</subfield></datafield><datafield ind1=" " ind2="0" tag="651"><subfield code="a">Clinton (Conn.)</subfield><subfield code="v">Newspapers.</subfield></datafield><datafield ind1=" " ind2="0" tag="651"><subfield code="a">Middlesex County (Conn.)</subfield><subfield code="v">Newspapers.</subfield></datafield><datafield ind1=" " ind2="7" tag="655"><subfield code="a">Newspapers.</subfield><subfield code="2">fast</subfield><subfield code="0">(OCoLC)fst01423814</subfield></datafield><datafield ind1=" " ind2="7" tag="651"><subfield code="a">Connecticut</subfield><subfield code="z">Clinton.</subfield><subfield code="2">fast</subfield><subfield code="0">(OCoLC)fst01226233</subfield></datafield><datafield ind1=" " ind2="7" tag="651"><subfield code="a">Connecticut</subfield><subfield code="z">Middlesex County.</subfield><subfield code="2">fast</subfield><subfield code="0">(OCoLC)fst01209862</subfield></datafield><datafield ind1=" " ind2=" " tag="752"><subfield code="a">United States</subfield><subfield code="b">Connecticut</subfield><subfield code="c">Middlesex</subfield><subfield code="d">Clinton.</subfield></datafield></record>